@Manual{,
  title = {Luminescence: Comprehensive Luminescence Dating Data Analysis [upcoming]},
  author = {Sebastian Kreutzer and Michael Dietze and Christoph Burow and Margret C. Fuchs and Christoph Schmidt and Manfred Fischer and Johannes Friedrich and Norbert Mercier and Rachel K. Smedley and Julie Durcan and Georgina King},
  year = {2016},
  note = {R package version 0.6.1},
  url = {http://CRAN.R-project.org/package=Luminescence},
}

@Article{,
  title = {A practical guide to the R package Luminescence},
  author = {Michael Dietze and Sebastian Kreutzer and Margret C. Fuchs and Christoph Burow and Manfred Fischer and Christoph Schmidt},
  year = {2013},
  journal = {Ancient TL},
  volume = {31},
  pages = {11-18},
}

@Article{,
  title = {Introducing an R package for luminescence dating analysis},
  author = {Sebastian Kreutzer and Christoph Schmidt and Margret C. Fuchs and Michael Dietze and Manfred Fischer and Markus Fuchs},
  year = {2012},
  journal = {Ancient TL},
  volume = {30},
  pages = {1-8},
}

@Article{,
  title = {Data processing in luminescence dating analysis: An exemplary workflow using the R package 'Luminescence'},
  author = {Margret C. Fuchs and Sebastian Kreutzer and Christoph Burow and Michael Dietze and Manfred Fischer and Christoph Schmidt and Markus Fuchs},
  year = {2015},
  journal = {Quaternary International},
  volume = {362},
  pages = {8-13},
  doi = {10.1016/j.quaint.2014.06.034},
}

@Article{,
  title = {A new R function for the Internal External Uncertainty (IEU) model},
  author = {{Smedley} and Rachel K},
  journal = {Ancient TL},
  year = {2015},
  volume = {33},
  number = {1},
  pages = {16-21},
}

@Article{,
  title = {The abanico plot: visualising chronometric data with individual standard errors},
  author = {Michael Dietze and Sebastian Kreutzer and Christoph Burow and Margret C. Fuchs and Manfred Fischer and Christoph Schmidt},
  year = {2016},
  journal = {Quaternary Geochronology},
  volume = {31},
  pages = {12-18},
  doi = {10.1016/j.quageo.2015.09.003},
}
